%% This BibTeX bibliography file was created using BibDesk.
%% http://bibdesk.sourceforge.net/


%% Created for Lady 3Jane Marie-France Tessier-Ashpool at 2008-07-03 01:13:28 -0400 


%% Saved with string encoding Western (ASCII) 



@article{sliding-dft-ieee,
	Author = {Jacobsen, E. and Lyons, R.},
	Date-Added = {2008-07-03 01:10:00 -0400},
	Date-Modified = {2008-07-03 01:11:37 -0400},
	Doi = {10.1109/MSP.2003.1184347},
	Issn = {1053-5888},
	Journal = {Signal Processing Magazine, IEEE},
	Keywords = { convolution, discrete Fourier transforms, frequency-domain analysis, numerical stability, signal processing, spectral analysis DFT bin computations, FFT, Goertzel algorithm, computational efficiency, frequency-domain convolution, modified sliding DFT algorithm, output stabilization, sliding DFT, sliding Goertzel DFT, spectrum analysis, stability issues, successive output calculations, time-domain data windowing, time-domain windowing},
	Month = {Mar},
	Number = {2},
	Pages = { 74-80},
	Title = {The sliding DFT},
	Volume = {20},
	Year = {2003},
	Bdsk-Url-1 = {http://dx.doi.org/10.1109/MSP.2003.1184347}}

@book{Jensen,
	Author = {Finn B. Jensen and William A. Kuperman and Michael B. Porter and Henrik Schmidt},
	Date-Added = {2007-10-23 00:35:21 -0400},
	Date-Modified = {2007-10-23 00:38:41 -0400},
	Editor = {Yoichi Ando},
	Publisher = {American Institute of Physics},
	Series = {AIP Series in Modern Acoustics and Signal Processing},
	Title = {Computational Ocean Acoustics},
	Year = {1994}}

@book{Etter,
	Author = {Paul C. Etter},
	Date-Added = {2007-10-23 00:30:55 -0400},
	Date-Modified = {2007-10-23 00:34:05 -0400},
	Edition = {third},
	Publisher = {Spon Press},
	Title = {Underwater Acoustic Modeling and Simulation},
	Year = {2003}}

@url{transdec-anechoic,
	Date-Added = {2007-10-22 19:55:25 -0400},
	Date-Modified = {2007-10-23 01:02:48 -0400},
	Lastchecked = {10/22/2007},
	Title = {{SSC San Diego Ocean Systems: Applied Technology Branch}},
	Url = {http://www.spawar.navy.mil/depts/d70/d74/AppliedTechnology.html#project1},
	Bdsk-Url-1 = {http://www.spawar.navy.mil/depts/d70/d74/AppliedTechnology.html#project1}}

@article{Ho:2007lr,
	Author = {K. C. Ho and Xiaoning Lu and L. Kovavisaruch},
	Date-Added = {2007-10-09 12:36:50 -0400},
	Date-Modified = {2007-11-15 14:37:40 -0500},
	Isbn = {1053-587X},
	Journal = {Signal Processing, IEEE Transactions on {$[$}see also Acoustics, Speech, and Signal Processing, IEEE Transactions on{$]$}},
	Journal1 = {Signal Processing, IEEE Transactions on {$[$}see also Acoustics, Speech, and Signal Processing, IEEE Transactions on{$]$}},
	Keywords = {iterative methods; mean square error methods; time-of-arrival estimation; Cramer-Rao lower bound; FDOA measurement; TDOA measurement; divergence problem; estimation error; frequency-difference-of-arrival measurement; iterative techniques; mean-square error; mild approximations; random errors; receiver location errors; source localization; source location estimation; time-difference-of-arrival measurement; Frequency difference of arrival (FDOA); receiver location uncertainty; source localization; time difference of arrival (TDOA)},
	Number = {2},
	Pages = {684--696},
	Title = {Source Localization Using {TDOA} and {FDOA} Measurements in the Presence of Receiver Location Errors: Analysis and Solution},
	Title1 = {Signal Processing, IEEE Transactions on {$[$}see also Acoustics, Speech, and Signal Processing, IEEE Transactions on{$]$}},
	Ty = {JOUR},
	Url = {http://ieeexplore.ieee.org/iel5/78/4063528/04063553.pdf?isnumber=4063528&prod=JNL&arnumber=4063553&arSt=684&ared=696&arAuthor=K.+C.+Ho%3B+Xiaoning+Lu%3B+L.+Kovavisaruch},
	Volume = {55},
	Year = {2007},
	Bdsk-Url-1 = {http://ieeexplore.ieee.org/iel5/78/4063528/04063553.pdf?isnumber=4063528&prod=JNL&arnumber=4063553&arSt=684&ared=696&arAuthor=K.+C.+Ho;+Xiaoning+Lu;+L.+Kovavisaruch}}

@article{Ho,
	Author = {Ho, K. C. and Wenwei Xu},
	Date-Added = {2007-10-05 19:44:45 -0400},
	Date-Modified = {2007-11-07 00:46:15 -0500},
	Isbn = {1053-587X},
	Journal = {Signal Processing, IEEE Transactions on {$[$}see also Acoustics, Speech, and Signal Processing, IEEE Transactions on{$]$}},
	Journal1 = {Signal Processing, IEEE Transactions on {$[$}see also Acoustics, Speech, and Signal Processing, IEEE Transactions on{$]$}},
	Keywords = {Gaussian noise; iterative methods; least squares approximations; minimisation; receivers; signal processing; Cramer-Rao lower bound; FDOA; Gaussian noise; TDOA; Taylor-series iterative method; frequency differences of arrival; least-squares minimizations; linear iterative method; local convergence problem; location estimate; moving source location; time differences of arrival; FDOA; TDOA; least-squares; passive localization},
	Number = {9},
	Pages = {2453--2463},
	Title = {An accurate algebraic solution for moving source location using {TDOA} and {FDOA} measurements},
	Title1 = {Signal Processing, IEEE Transactions on {$[$}see also Acoustics, Speech, and Signal Processing, IEEE Transactions on{$]$}},
	Ty = {JOUR},
	Url = {http://ieeexplore.ieee.org/iel5/78/29300/01323254.pdf},
	Volume = {52},
	Year = {2004},
	Bdsk-Url-1 = {http://ieeexplore.ieee.org/iel5/78/29300/01323254.pdf}}

@inproceedings{Huang,
	Address = {Washington, DC, USA},
	Author = {Yiteng Huang and J. Benesty and G. W. Elko},
	Booktitle = {ICASSP '00: Proceedings of the Acoustics, Speech, and Signal Processing, 2000. on IEEE International Conference},
	Date-Added = {2007-10-05 19:39:06 -0400},
	Date-Modified = {2007-11-07 00:46:05 -0500},
	Doi = {http://dx.doi.org/10.1109/ICASSP.2000.859108},
	Isbn = {0-7803-6293-4},
	Pages = {II909--II912},
	Publisher = {IEEE Computer Society},
	Title = {Passive acoustic source localization for video camera steering},
	Year = {2000},
	Bdsk-Url-1 = {http://dx.doi.org/10.1109/ICASSP.2000.859108}}
